%----------------------------------------------------------------------------------------
%	BIBLIOGRAPHY
%----------------------------------------------------------------------------------------


@INPROCEEDINGS{8793868,
  author={Cui, Henggang and Radosavljevic, Vladan and Chou, Fang-Chieh and Lin, Tsung-Han and Nguyen, Thi and Huang, Tzu-Kuo and Schneider, Jeff and Djuric, Nemanja},
  booktitle={2019 International Conference on Robotics and Automation (ICRA)}, 
  title={Multimodal Trajectory Predictions for Autonomous Driving using Deep Convolutional Networks}, 
  year={2019},
  volume={},
  number={},
  pages={2090-2096},
  keywords={Trajectory;Predictive models;Roads;Hidden Markov models;Task analysis;Radar tracking},
  doi={10.1109/ICRA.2019.8793868}}


@inproceedings{2019itsc_grip,
 author = {Li, Xin and Ying, Xiaowen and Chuah, Mooi Choo},
 booktitle = {2019 IEEE INTELLIGENT TRANSPORTATION SYSTEMS CONFERENCE (ITSC)},
 organization = {IEEE},
 title = {GRIP: Graph-based Interaction-aware Trajectory Prediction},
 year = {2019}
}

@article{li2020gripplus,
  title={GRIP++: Enhanced Graph-based Interaction-aware Trajectory Prediction for Autonomous Driving},
  author={Li, Xin and Ying, Xiaowen and Chuah, Mooi Choo},
  journal={arXiv preprint arXiv:1907.07792},
  year={2020}
}

@inproceedings{ma2019trafficpredict,
  title={Trafficpredict: Trajectory prediction for heterogeneous traffic-agents},
  author={Ma, Yuexin and Zhu, Xinge and Zhang, Sibo and Yang, Ruigang and Wang, Wenping and Manocha, Dinesh},
  booktitle={Proceedings of the AAAI Conference on Artificial Intelligence},
  volume={33},
  pages={6120--6127},
  year={2019}
}

@inproceedings{rasouli2017ICCVW,
    title={Are they going to cross? A benchmark dataset and baseline for pedestrian crosswalk behavior},
    author={Rasouli, Amir and Kotseruba, Iuliia and Tsotsos, John K},
    booktitle={Proceedings of the IEEE International Conference on Computer Vision Workshops},
    pages={206--213},
    year={2017}
    }

@article{10.1371/journal.pone.0253868,
    doi = {10.1371/journal.pone.0253868},
    author = {Rossi, Luca AND Ajmar, Andrea AND Paolanti, Marina AND Pierdicca, Roberto},
    journal = {PLOS ONE},
    publisher = {Public Library of Science},
    title = {Vehicle trajectory prediction and generation using LSTM models and GANs},
    year = {2021},
    month = {07},
    volume = {16},
    pages = {1-28},
    number = {7},
}

@ARTICLE{9756903,
  author={Huang, Yanjun and Du, Jiatong and Yang, Ziru and Zhou, Zewei and Zhang, Lin and Chen, Hong},
  journal={IEEE Transactions on Intelligent Vehicles}, 
  title={A Survey on Trajectory-Prediction Methods for Autonomous Driving}, 
  year={2022},
  volume={7},
  number={3},
  pages={652-674},
  keywords={Trajectory;Predictive models;Learning systems;Vehicle dynamics;Computational modeling;Kalman filters;Intelligent vehicles;Autonomous driving;trajectory prediction;machine learning;deep learning;reinforcement learning},
  doi={10.1109/TIV.2022.3167103}}

@conference{Pomerleau-1989-15721,
author = {Dean Pomerleau},
title = {ALVINN: An Autonomous Land Vehicle In a Neural Network},
booktitle = {Proceedings of (NeurIPS) Neural Information Processing Systems},
year = {1989},
month = {December},
editor = {D.S. Touretzky},
pages = {305 - 313},
publisher = {Morgan Kaufmann},
}

@INPROCEEDINGS{10397282,
  author={Jiang, Hao and Niu, Yixun and Hu, Chuan and Hu, Shuang and Zhao, Baixuan and Zhang, Xi and Lin, Yiwei},
  booktitle={2023 7th CAA International Conference on Vehicular Control and Intelligence (CVCI)}, 
  title={Motion Query-based Multimodal Vehicle Trajectory Prediction for Autonomous Driving}, 
  year={2023},
  volume={},
  number={},
  pages={1-6},
  keywords={Roads;Semantics;Predictive models;Transformers;Trajectory;Decoding;Autonomous vehicles;vehicle trajectory prediction;motion query;Transformer;social interaction;autonomous driving},
  doi={10.1109/CVCI59596.2023.10397282}}


@inproceedings{rasouli2018role,
  title={It’s Not All About Size: On the Role of Data Properties in Pedestrian Detection},
  author={Rasouli, Amir and Kotseruba, Iuliia and Tsotsos, John K},
  booktitle={ECCVW},
  year={2018}
}

@article{yolov3,
  title={YOLOv3: An Incremental Improvement},
  author={Redmon, Joseph and Farhadi, Ali},
  journal = {arXiv},
  year={2018}
}

@article{DBLP:journals/corr/abs-1802-02611,
  author       = {Liang{-}Chieh Chen and
                  Yukun Zhu and
                  George Papandreou and
                  Florian Schroff and
                  Hartwig Adam},
  title        = {Encoder-Decoder with Atrous Separable Convolution for Semantic Image
                  Segmentation},
  journal      = {CoRR},
  volume       = {abs/1802.02611},
  year         = {2018},
  url          = {http://arxiv.org/abs/1802.02611},
  eprinttype    = {arXiv},
  eprint       = {1802.02611},
  timestamp    = {Sat, 23 Jan 2021 01:20:31 +0100},
  biburl       = {https://dblp.org/rec/journals/corr/abs-1802-02611.bib},
  bibsource    = {dblp computer science bibliography, https://dblp.org}
}


@misc{fragkedaki2024pedestrianmotionpredictionusing,
      title={Pedestrian Motion Prediction Using Transformer-based Behavior Clustering and Data-Driven Reachability Analysis}, 
      author={Kleio Fragkedaki and Frank J. Jiang and Karl H. Johansson and Jonas Mårtensson},
      year={2024},
      eprint={2408.15250},
      archivePrefix={arXiv},
      primaryClass={cs.CV},
      url={https://arxiv.org/abs/2408.15250}, 
}

@misc{sun2024semanticformerholisticsemantictraffic,
      title={SemanticFormer: Holistic and Semantic Traffic Scene Representation for Trajectory Prediction using Knowledge Graphs}, 
      author={Zhigang Sun and Zixu Wang and Lavdim Halilaj and Juergen Luettin},
      year={2024},
      eprint={2404.19379},
      archivePrefix={arXiv},
      primaryClass={cs.CV},
      url={https://arxiv.org/abs/2404.19379}, 
}

@article{Semanticsceneupgradesfortrajectoryprediction,
    author = {Arsal Syed and Brendan Tran Morris} ,
    title = {Semantic scene upgrades for trajectory prediction},
    journal = {Machine Vision and Applications},
    year = {2023},
    url={https://doi.org/10.1007/s00138-022-01357-z}
}

@misc{che2024twinlitenetplusstrongermodelrealtime,
      title={TwinLiteNetPlus: A Stronger Model for Real-time Drivable Area and Lane Segmentation}, 
      author={Quang-Huy Che and Duc-Tri Le and Minh-Quan Pham and Vinh-Tiep Nguyen and Duc-Khai Lam},
      year={2024},
      eprint={2403.16958},
      archivePrefix={arXiv},
      primaryClass={cs.CV},
      url={https://arxiv.org/abs/2403.16958}, 
}

@misc{silva2024recurrentyolov8basedframeworkeventbased,
      title={A Recurrent YOLOv8-based framework for Event-Based Object Detection}, 
      author={Diego A. Silva and Kamilya Smagulova and Ahmed Elsheikh and Mohammed E. Fouda and Ahmed M. Eltawil},
      year={2024},
      eprint={2408.05321},
      archivePrefix={arXiv},
      primaryClass={cs.CV},
      url={https://arxiv.org/abs/2408.05321}, 
}

@misc{luo2020fastfuriousrealtime,
      title={Fast and Furious: Real Time End-to-End 3D Detection, Tracking and Motion Forecasting with a Single Convolutional Net}, 
      author={Wenjie Luo and Bin Yang and Raquel Urtasun},
      year={2020},
      eprint={2012.12395},
      archivePrefix={arXiv},
      primaryClass={cs.CV},
      url={https://arxiv.org/abs/2012.12395}, 
}

@book{serway2013physics,
  title={Physics for Scientists and Engineers with Modern Physics},
  author={Serway, Raymond A. and Jewett, John W.},
  year={2013},
  publisher={Cengage Learning}
}

@misc{atan2_cpp_tutorial,
  author = {GameDev Academy},
  title = {Atan2 C++ Tutorial - Complete Guide},
  year = {2024},
  url = {https://gamedevacademy.org/atan2-c-tutorial-complete-guide/},
  note = {Accessed: 2024-08-31}
}

@manual{cuda2024,
  title        = {CUDA Toolkit Documentation},
  author       = {NVIDIA Corporation},
  year         = {2024},
  url          = {https://docs.nvidia.com/cuda/},
  note         = {Accessed: 2024-08-31}
}

@article{Geiger2013IJRR,
  author = {Andreas Geiger and Philip Lenz and Christoph Stiller and Raquel Urtasun},
  title = {Vision meets Robotics: The KITTI Dataset},
  journal = {International Journal of Robotics Research (IJRR)},
  year = {2013}
}

@article{sun2020scalability,
  title={Scalability in perception for autonomous driving: Waymo open dataset},
  author={Sun, Pei and Kretzschmar, Henrik and Dotiwalla, Xan and Chouard, Charles and Patnaik, Vaishnav and Tsui, Paul and Guo, Junwei and Zhou, Yin and Chai, Yuning and Caine, Brian and others},
  journal={Proceedings of the IEEE/CVF Conference on Computer Vision and Pattern Recognition},
  pages={2446--2454},
  year={2020}
}
